@phdthesis{chen2019cooperative,  
  title={Cooperative Multi-Vessel Systems for Waterborne Transport},
  author={Chen, L},
  year={2019},
  school={Delft University of Technology}
}

@article{chen2019distributed,
	title={Distributed model predictive control for cooperative floating object transport with multi-vessel systems},
	author={Chen, Linying and Hopman, Hans and Negenborn, Rudy R},
	journal={Ocean Engineering},
	volume={191},
	pages={106515},
	year={2019},
	publisher={Elsevier}
}

@article{tuci2018cooperative, 
  title={Cooperative object transport in multi-robot systems: A review of the state-of-the-art},
  author={Tuci, Elio and Alkilabi, Muhanad HM and Akanyeti, Otar},
  journal={Frontiers in Robotics and AI},
  volume={5},
  pages={59},
  year={2018},
  publisher={Frontiers}
}

@inproceedings{park2019coordinated, 
  title={Coordinated control of a reconfigurable multi-vessel platform: Robust control approach},
  author={Park, Shinkyu and Kayacan, Erkan and Ratti, Carlo and Rus, Daniela},
  booktitle={2019 International Conference on Robotics and Automation (ICRA)},
  pages={4633--4639},
  year={2019},
  organization={IEEE}
}


@article{skjetne2005adaptive,
  title={Adaptive maneuvering, with experiments, for a model ship in a marine control laboratory},
  author={Skjetne, Roger and Fossen, Thor I and Kokotovi{\'c}, Petar V},
  journal={Automatica},
  volume={41},
  number={2},
  pages={289--298},
  year={2005},
  publisher={Elsevier}
}


@book{fossen2011handbook,
  title={Handbook of marine craft hydrodynamics and motion control},
  author={Fossen, Thor I},
  year={2011},
  publisher={John Wiley \& Sons}
}

@article{ang2005pid,
	title={PID control system analysis, design, and technology},
	author={Ang, Kiam Heong and Chong, Gregory and Li, Yun},
	journal={IEEE transactions on control systems technology},
	volume={13},
	number={4},
	pages={559--576},
	year={2005},
	publisher={IEEE}
}

@inproceedings{habibi2015distributed,
  title={Distributed centroid estimation and motion controllers for collective transport by multi-robot systems},
  author={Habibi, Golnaz and Kingston, Zachary and Xie, William and Jellins, Mathew and McLurkin, James},
  booktitle={2015 IEEE International Conference on Robotics and Automation (ICRA)},
  pages={1282--1288},
  year={2015},
  organization={IEEE}
}


@article{tuci2006cooperation,
  title={Cooperation through self-assembly in multi-robot systems},
  author={Tuci, Elio and Gro{\ss}, Roderich and Trianni, Vito and Mondada, Francesco and Bonani, Michael and Dorigo, Marco},
  journal={ACM Transactions on Autonomous and Adaptive Systems (TAAS)},
  volume={1},
  number={2},
  pages={115--150},
  year={2006},
  publisher={ACM New York, NY, USA}
}


@inproceedings{o2014self,
  title={Self-assembly of a swarm of autonomous boats into floating structures},
  author={O'hara, Ian and Paulos, James and Davey, Jay and Eckenstein, Nick and Doshi, Neel and Tosun, Tarik and Greco, Jonathan and Seo, Jungwon and Turpin, Matt and Kumar, Vijay and others},
  booktitle={2014 IEEE International Conference on Robotics and Automation (ICRA)},
  pages={1234--1240},
  year={2014},
  organization={IEEE}
}




@article{schwarting2018planning,
  title={Planning and decision-making for autonomous vehicles},
  author={Schwarting, Wilko and Alonso-Mora, Javier and Rus, Daniela},
  journal={Annual Review of Control, Robotics, and Autonomous Systems},
  year={2018},
  publisher={Annual Reviews}
}


@inproceedings{miyashita2008morphology,
  title={How morphology affects self-assembly in a stochastic modular robot},
  author={Miyashita, Shuhei and Kessler, Marco and Lungarella, Max},
  booktitle={2008 IEEE International Conference on Robotics and Automation},
  pages={3533--3538},
  year={2008},
  organization={IEEE}
}


@article{gross2006autonomous,
  title={Autonomous self-assembly in swarm-bots},
  author={Gro{\ss}, Roderich and Bonani, Michael and Mondada, Francesco and Dorigo, Marco},
  journal={IEEE transactions on robotics},
  volume={22},
  number={6},
  pages={1115--1130},
  year={2006},
  publisher={IEEE}
}


@article{wei2013novel,
  title={A novel autonomous self-assembly distributed swarm flying robot},
  author={Wei, Hongxing and Li, Ning and Liu, Miao and Tan, Jindong},
  journal={Chinese Journal of Aeronautics},
  volume={26},
  number={3},
  pages={791--800},
  year={2013},
  publisher={Elsevier}
}


@inproceedings{gross2006object,
  title={Object transport by modular robots that self-assemble},
  author={Gro{\ss}, Roderich and Tuci, Elio and Dorigo, Marco and Bonani, Michael and Mondada, Francesco},
  booktitle={Proceedings 2006 IEEE International Conference on Robotics and Automation, 2006. ICRA 2006.},
  pages={2558--2564},
  year={2006},
  organization={IEEE}
}

@article{paulos2015automated,
  title={Automated self-assembly of large maritime structures by a team of robotic boats},
  author={Paulos, James and Eckenstein, Nick and Tosun, Tarik and Seo, Jungwon and Davey, Jay and Greco, Jonathan and Kumar, Vijay and Yim, Mark},
  journal={IEEE Transactions on Automation Science and Engineering},
  volume={12},
  number={3},
  pages={958--968},
  year={2015},
  publisher={IEEE}
}


@inproceedings{mateos2019autonomous,
  title={Autonomous latching system for robotic boats},
  author={Mateos, Luis A and Wang, Wei and Gheneti, Banti and Duarte, Fabio and Ratti, Carlo and Rus, Daniela},
  booktitle={2019 International Conference on Robotics and Automation (ICRA)},
  pages={7933--7939},
  year={2019},
  organization={IEEE}
}


@article{fossen1994guidance,
  title={Guidance and Control of Ocean Vehicles. John Willey \& Sons},
  author={Fossen, T},
  journal={Inc., New York},
  year={1994}
}


@article{sname1950nomenclature,
  title={Nomenclature for treating the motion of a submerged body through a fluid},
  author={SNAME, TheSocietyofNavalArchitectureandMarineEngineers},
  journal={The Society of Naval Architects and Marine Engineers, Technical and Research Bulletin No},
  pages={1--5},
  year={1950}
}


@article{wu2001characteristic,
	title={Characteristic modeling and the control of flexible structure},
	author={Wu, Hongxin and Liu, Yiwu and Liu, Zhonghan and Xie, Yongchun},
	journal={Science in China Series: Information Sciences},
	volume={44},
	number={4},
	pages={278--291},
	year={2001},
	publisher={Springer}
}

@phdthesis{kelly2019algorithms,
	title={Algorithms for planning and executing multi-roboat shapeshifting},
	author={Kelly, Ryan Henderson},
	year={2019},
	school={Massachusetts Institute of Technology}
}

@article{smithers1997autonomy,
	title={Autonomy in robots and other agents},
	author={Smithers, Tim},
	journal={Brain and cognition},
	volume={34},
	number={1},
	pages={88--106},
	year={1997},
	publisher={Elsevier}
}


@article{porathe2018least,
	title={At least as safe as manned shipping? Autonomous shipping, safety and “human error”},
	author={Porathe, Thomas and Hoem, {\AA}sa Snilstveit and R{\o}dseth, {\O}rnulf Jan and Fj{\o}rtoft, Kay Endre and Johnsen, Stig Ole},
	journal={Safety and Reliability--Safe Societies in a Changing World. Proceedings of ESREL 2018, June 17-21, 2018, Trondheim, Norway},
	year={2018},
	publisher={Taylor \& Francis}
}


@inproceedings{IMO103ISORegulatoryScopingExMass,
	title={REGULATORY SCOPING EXERCISE FOR THE USE OF MARITIME AUTONOMOUS SURFACE SHIPS (MASS). Maritime Safety Committee (MSC). 103th Session. Agenda item 5},
	author={International Organiszation for Standardization (ISO)},
	year={15 march 2021},
	organization={International Maritime Organization}
}

@inproceedings{rodseth2018characterization,
	title={Characterization of autonomy in merchant ships},
	author={R{\o}dseth, {\O}rnulf Jan and Nordahl, H{\aa}vard and Hoem, {\AA}sa},
	booktitle={2018 OCEANS-MTS/IEEE Kobe Techno-Oceans (OTO)},
	pages={1--7},
	year={2018},
	organization={IEEE}
}

 @misc{cambridgeDictionaryAutonomous, 
 	title={automatic}, 
 	url={https://dictionary.cambridge.org/dictionary/english/automatic}, 
 	journal={Cambridge Dictionary}
 } 



@article{blanke2017preAnalysisAutonomousShips,
	title={A pre-analysis on autonomous ships},
	author={Blanke, Thomas and Bang,Jakob Technical University of Denmark},	
	year={2017}
}


@article{norbert1948or,
	title={Cybernetics: Or Control and Communication in the Animal and the Machine},
	author={Wiener, Norbert},
	year={1948}
}

@article{parasuraman1997humans,
	title={Humans and automation: Use, misuse, disuse, abuse},
	author={Parasuraman, Raja and Riley, Victor},
	journal={Human factors},
	volume={39},
	number={2},
	pages={230--253},
	year={1997},
	publisher={SAGE Publications Sage CA: Los Angeles, CA}
}


 @misc{yaraBirkelandWebNov2020, 
	title={Yara Birkeland status November 2020}, 
	url={https://www.yara.com/news-and-media/press-kits/yara-birkeland-press-kit/}, 
	journal={Yara Press Kits},
	year={Accessed 2021, October 10},
	author={Yara International ASA}
} 

@INPROCEEDINGS{8901099,
	author={Gheneti, Banti and Park, Shinkyu and Kelly, Ryan and Meyers, Drew and Leoni, Pietro and Ratti, Carlo and Rus, Daniela},
	booktitle={2019 International Symposium on Multi-Robot and Multi-Agent Systems (MRS)}, 
	title={Trajectory Planning for the Shapeshifting of Autonomous Surface Vessels}, 
	year={2019},
	volume={},
	number={},
	pages={76-82},
	doi={10.1109/MRS.2019.8901099}
}

@inproceedings{kayacan2019learning,
	title={Learning-based Nonlinear Model Predictive Control of Reconfigurable Autonomous Robotic Boats: Roboats.},
	author={Kayacan, Erkan and Park, Shinkyu and Ratti, Carlo and Rus, Daniela},
	booktitle={IROS},
	pages={8230--8237},
	year={2019}
}


@inproceedings{ashrafiuon2010review,
	title={Review of nonlinear tracking and setpoint control approaches for autonomous underactuated marine vehicles},
	author={Ashrafiuon, Hashem and Muske, Kenneth R and McNinch, Lucas C},
	booktitle={Proceedings of the 2010 American Control Conference},
	pages={5203--5211},
	year={2010},
	organization={IEEE}
}


@article{parasuraman2000model,
	title={A model for types and levels of human interaction with automation},
	author={Parasuraman, Raja and Sheridan, Thomas B and Wickens, Christopher D},
	journal={IEEE Transactions on systems, man, and cybernetics-Part A: Systems and Humans},
	volume={30},
	number={3},
	pages={286--297},
	year={2000},
	publisher={IEEE}
}


@INPROCEEDINGS{wang2018design,  
	author={Wang, Wei and Mateos, Luis A. and Park, Shinkyu and Leoni, Pietro and Gheneti, Banti and Duarte, Fabio and Ratti, Carlo and Rus, Daniela}, 
	booktitle={2018 IEEE International Conference on Robotics and Automation (ICRA)},  
	title={Design, Modeling, and Nonlinear Model Predictive Tracking Control of a Novel Autonomous Surface Vehicle},   
	year={2018},  
	volume={},  
	number={}, 
	pages={6189-6196},  
	doi={10.1109/ICRA.2018.8460632}
}
   
   
   
@ARTICLE{9381638,  
   	author={Cheng, Yuwei and Jiang, Mengxin and Zhu, Jiannan and Liu, Yimin},  
   	journal={IEEE Robotics and Automation Letters},   
   	title={Are We Ready for Unmanned Surface Vehicles in Inland Waterways? The USVInland Multisensor Dataset and Benchmark},   
   	year={2021},  
   	volume={6},  
   	number={2},  
   	pages={3964-3970}, 
   	doi={10.1109/LRA.2021.3067271}
}
   
@article{de2021impact,
   	title={The impact of autonomous ships on safety at sea--a statistical analysis},
   	author={de Vos, Jiri and Hekkenberg, Robert G and Banda, Osiris A Valdez},
   	journal={Reliability Engineering \& System Safety},
   	volume={210},
   	pages={107558},
   	year={2021},
   	publisher={Elsevier}
}


@article{nzengu2021regulatory,
	title={Regulatory framework analysis for the unmanned inland waterway vessel},
	author={Nzengu, Wa and Faivre, J{\'e}r{\^o}me and Pauwelyn, Ann-Sofie and Bolbot, Victor and Wennersberg, Lars Andreas Lien and Theotokatos, Gerasimos},
	journal={WMU Journal of Maritime Affairs},
	pages={1--20},
	year={2021},
	publisher={Springer}
}


@article{seo2019modular,
	title={Modular reconfigurable robotics},
	author={Seo, Jungwon and Paik, Jamie and Yim, Mark},
	journal={Annual Review of Control, Robotics, and Autonomous Systems},
	volume={2},
	pages={63--88},
	year={2019},
	publisher={Annual Reviews}
}


@article{yim2007modular,
	title={Modular self-reconfigurable robot systems [grand challenges of robotics]},
	author={Yim, Mark and Shen, Wei-Min and Salemi, Behnam and Rus, Daniela and Moll, Mark and Lipson, Hod and Klavins, Eric and Chirikjian, Gregory S},
	journal={IEEE Robotics \& Automation Magazine},
	volume={14},
	number={1},
	pages={43--52},
	year={2007},
	publisher={IEEE}
}

@book{faltinsen2005hydrodynamics,
	title={Hydrodynamics of high-speed marine vehicles},
	author={Faltinsen, Odd M},
	year={2005},
	publisher={Cambridge university press}
}


@INPROCEEDINGS{fossen2006survey,  
	author={Fossen, Thor I. and Johansen, Tor A.},  
	booktitle={2006 14th Mediterranean Conference on Control and Automation},   
	title={A Survey of Control Allocation Methods for Ships and Underwater Vehicles},   
	year={2006},  
	volume={},  
	number={},  
	pages={1-6},  
	doi={10.1109/MED.2006.328749}
}

@article{wang2020roboat,
	title={Roboat II: A Novel Autonomous Surface Vessel for Urban Environments},
	author={Wang, Wei and Shan, Tixiao and Leoni, Pietro and Fern{\'a}ndez-Guti{\'e}rrez, David and Meyers, Drew and Ratti, Carlo and Rus, Daniela},
	journal={arXiv preprint arXiv:2007.10220},
	year={2020}
}

@inproceedings{clarke2003foundations,
	title={The foundations of steering and manoeuvring},
	author={Clarke, David},
	booktitle={Proc. of the IFAC Conference on Manoeuvering and Control Marine Crafts, Girona},
	pages={10--25},
	year={2003},
	organization={School of Marine Science and Technology, University of Newcastle upon Tyne - UK}
}

@article{heo2017analysis,
	title={Analysis of design directions for unmanned surface vehicles (USVs)},
	author={Heo, Jinyeong and Kim, Junghoon and Kwon, Yongjin and others},
	journal={Journal of Computer and Communications},
	volume={5},
	number={07},
	pages={92},
	year={2017},
	publisher={Scientific Research Publishing}
}

@article{lerman2006analysis,
	title={Analysis of dynamic task allocation in multi-robot systems},
	author={Lerman, Kristina and Jones, Chris and Galstyan, Aram and Matari{\'c}, Maja J},
	journal={The International Journal of Robotics Research},
	volume={25},
	number={3},
	pages={225--241},
	year={2006},
	publisher={SAGE Publications}
}

@article{komianos2018autonomous,
	title={The autonomous shipping era. operational, regulatory, and quality challenges},
	author={Komianos, Aristotelis},
	journal={TransNav: International Journal on Marine Navigation and Safety of Sea Transportation},
	volume={12},
	number={2},
	year={2018}
}

@misc{roboatWebsite,
title= {Roboat Project website},
author = {Amsterdam Institute for Advanced Metropolitan Solutions},
year = {Accessed March 2021},
URL = {https://roboat.org/}
}

@article{vagia2016literature,
title = {A literature review on the levels of automation during the years. What are the different taxonomies that have been proposed?},
journal = {Applied Ergonomics},
volume = {53},
pages = {190-202},
year = {2016},
issn = {0003-6870},
doi = {https://doi.org/10.1016/j.apergo.2015.09.013},
url = {https://www.sciencedirect.com/science/article/pii/S0003687015300855},
author = {Marialena Vagia and Aksel A. Transeth and Sigurd A. Fjerdingen},
keywords = {Levels of autonomy, Autonomy/automation, Taxonomies, Adaptive automation}
}

@misc{stepinfoWebMatlab, 
	title = {Stepinfo Function Documentation},
 	url={https://www.mathworks.com/help/control/ref/lti.stepinfo.html}, 
 	journal={stepinfo}, 
 	year={Accessed 2021, August 23},
 	author={The Mathworks Inc}
} 
 
 @techreport{humphreys1978prediction,
 	title={Prediction of acceleration hydrodynamic coefficients for underwater vehicles from geometric parameters},
 	author={Humphreys, DE and Watkinson, KW},
 	year={1978},
 	institution={NAVAL COASTAL SYSTEMS LAB PANAMA CITY FL}
 }


@inproceedings{sagatun1991lagrangian,
	title={Lagrangian formulation of underwater vehicles' dynamics},
	author={Sagatun, Svein I and Fossen, Thor I},
	booktitle={Conference Proceedings 1991 IEEE International Conference on Systems, Man, and Cybernetics},
	pages={1029--1034},
	year={1991},
	organization={IEEE}
}

@article{kirchhoff1869bewegung,
	title={{\"U}ber die Bewegung eines Rotationsk{\"o}rpers in einer Fl{\"u}ssigkeit},
	author={Kirchhoff, G},
	journal={J. Reine Ang. Math},
	volume={71},
	pages={237--281},
	year={1869}
}


@misc{PIDIntroMIT, 
	title={Matlab \& Simulink Control: PID Controller Design},
	url={https://ctms.engin.umich.edu/CTMS/index.php?example=Introduction&section=ControlPID}, 
	year={Accessed 2021, October 10},
	author={University of Michigan and Carnegie Mellon}
} 


@techreport{boogmans2020Delfia,
	title={Delfia-1* low level control performance optimization},
	author={Boogmans, B},
	year={2020},
	organization={Department Maritime and Transport Technology of Faculty Mechanical, Maritime and Materials Engineering},
	institution={Delft University of Technology}
}

@article{fossenFjellstad1995,
	author = { Thor I.   Fossen  and  Ola-Erik   Fjellstad },
	title = {Nonlinear modelling of marine vehicles in 6 degrees of freedom},
	journal = {Mathematical Modelling of Systems},
	volume = {1},
	number = {1},
	pages = {17-27},
	year  = {1995},
	publisher = {Taylor & Francis},
	doi = {10.1080/13873959508837004},
	URL = {https://doi.org/10.1080/13873959508837004},
	eprint = {https://doi.org/10.1080/13873959508837004}
}


@INPROCEEDINGS{4282954,  
	author={Braganza, D. and Feemster, M. and Dawson, D.},  
	booktitle={2007 American Control Conference},   
	title={Positioning of Large Surface Vessels using Multiple Tugboats},   
	year={2007},  
	volume={},  
	number={},  
	pages={912-917},  
	doi={10.1109/ACC.2007.4282954}
}


@article{bidikli2016robust,
	title={Robust dynamic positioning of surface vessels via multiple unidirectional tugboats},
	author={Bidikli, Baris and Tatlicioglu, Enver and Zergeroglu, Erkan},
	journal={Ocean Engineering},
	volume={113},
	pages={237--245},
	year={2016},
	publisher={Elsevier}
}


@techreport{feemster2006manipulation,
	title={Manipulation of large objects by swarms of autonomous marine vehicles. Part 1-Rotation},
	author={Feemster, Matthew and Esposito, Joel and Nicholson, Jack},
	year={2006},
	institution={Naval academy Annapolis MD dept of weapons and systems engineering}
}

@inproceedings{smith2007swarn,
	title={Swarn Manipulation Of An Unactuated Surface Vessel},
	author={Smith, Erik T and Feemster, Matthew G and Esposito, Joel M},
	booktitle={2007 Thirty-Ninth Southeastern Symposium on System Theory},
	pages={16--20},
	year={2007},
	organization={IEEE}
}

@article{feemster2011comprehensive,
	title={Comprehensive framework for tracking control and thrust allocation for a highly overactuated autonomous surface vessel},
	author={Feemster, Matthew G and Esposito, Joel M},
	journal={Journal of Field Robotics},
	volume={28},
	number={1},
	pages={80--100},
	year={2011},
	publisher={Wiley Online Library}
}

@inproceedings{esposito2008cooperative,
	title={Cooperative manipulation on the water using a swarm of autonomous tugboats},
	author={Esposito, Joel and Feemster, Matthew and Smith, Erik},
	booktitle={2008 IEEE International Conference on Robotics and Automation},
	pages={1501--1506},
	year={2008},
	organization={IEEE}
}


@article{du2020cooperative,
	title={Cooperative control of autonomous tugs for ship towing},
	author={Du, Zhe and Reppa, Vasso and Negenborn, Rudy R},
	journal={IFAC-PapersOnLine},
	volume={53},
	number={2},
	pages={14470--14475},
	year={2020},
	publisher={Elsevier}
}


@article{du2021cooperative,
	title={Cooperative Multi-Agent Control for Autonomous Ship Towing Under Environmental Disturbances},
	author={Du, Zhe and Negenborn, Rudy R and Reppa, Vasso},
	journal={IEEE/CAA Journal of Automatica Sinica},
	volume={8},
	number={8},
	pages={1365--1379},
	year={2021},
	publisher={IEEE}
}

@article{chen2020survey,
	title={Survey on cooperative control for waterborne transport},
	author={Chen, Linying and Negenborn, Rudy and Huang, Yamin and Hopman, Hans},
	journal={IEEE Intelligent Transportation Systems Magazine},
	volume={13},
	number={2},
	pages={71--90},
	year={2020},
	publisher={IEEE}
}


@inproceedings{habibi2015distributed,
	title={Distributed centroid estimation and motion controllers for collective transport by multi-robot systems},
	author={Habibi, Golnaz and Kingston, Zachary and Xie, William and Jellins, Mathew and McLurkin, James},
	booktitle={2015 IEEE International Conference on Robotics and Automation (ICRA)},
	pages={1282--1288},
	year={2015},
	organization={IEEE}
}


@incollection{habibi2016distributed,
	title={Distributed path planning for collective transport using homogeneous multi-robot systems},
	author={Habibi, Golnaz and Xie, William and Jellins, Mathew and McLurkin, James},
	booktitle={Distributed Autonomous Robotic Systems},
	pages={151--164},
	year={2016},
	publisher={Springer}
}

@article{johansen2013control,
	title={Control allocation—A survey},
	author={Johansen, Tor A and Fossen, Thor I},
	journal={Automatica},
	volume={49},
	number={5},
	pages={1087--1103},
	year={2013},
	publisher={Elsevier}
}


@article{oh2015survey,
	title={A survey of multi-agent formation control},
	author={Oh, Kwang-Kyo and Park, Myoung-Chul and Ahn, Hyo-Sung},
	journal={Automatica},
	volume={53},
	pages={424--440},
	year={2015},
	publisher={Elsevier}
}

